<?xml version="1.0" encoding="UTF-8"?><collection xmlns="http://www.loc.gov/MARC21/slim"><record><leader>00513nam--2200181-u-4500</leader><controlfield tag="001">000053022</controlfield><controlfield tag="002">20161230</controlfield><controlfield tag="005">20161230201050</controlfield><controlfield tag="008">110103s1000------------r-----000-0-eng-d</controlfield><datafield ind1=" " ind2=" " tag="020"><subfield code="a">9789812707079</subfield></datafield><datafield ind1=" " ind2=" " tag="040"><subfield code="a">IFIN-HH</subfield></datafield><datafield ind1=" " ind2=" " tag="080"><subfield code="a">536.75:519.72:519.2</subfield></datafield><datafield ind1="1" ind2=" " tag="100"><subfield code="a">Ben-Nain, Arieh</subfield></datafield><datafield ind1="1" ind2="0" tag="245"><subfield code="a">A Farewell to Entropy: Statistical Thermodynamics Based on Information</subfield><subfield code="c">Arieh Ben-Nain</subfield></datafield><datafield ind1=" " ind2=" " tag="260"><subfield code="a">New Jersey</subfield><subfield code="b">World Scientific</subfield><subfield code="c">2008</subfield></datafield><datafield ind1=" " ind2=" " tag="300"><subfield code="a">384p</subfield></datafield><datafield ind1=" " ind2=" " tag="852"><subfield code="a">82201</subfield><subfield code="c">536.7</subfield></datafield><datafield ind1=" " ind2=" " tag="CAT"><subfield code="a">Sys</subfield><subfield code="c">20110103</subfield><subfield code="h">111233</subfield></datafield></record></collection>